<record><leader>00000cas a2200000 a 4500</leader><controlfield tag="001">13590833</controlfield><controlfield tag="008">860520d190319uukyuwr ne      0    0eng d</controlfield><datafield ind1=" " ind2=" " tag="010"><subfield code="a">sn 86069131 </subfield></datafield><datafield ind1=" " ind2=" " tag="040"><subfield code="a">KNP</subfield><subfield code="b">eng</subfield><subfield code="c">KNP</subfield><subfield code="d">OCL</subfield><subfield code="d">OCLCQ</subfield><subfield code="d">KYUBL</subfield><subfield code="d">OCLCQ</subfield><subfield code="d">OCLCF</subfield><subfield code="d">OCLCO</subfield></datafield><datafield ind1="1" ind2=" " tag="029"><subfield code="a">AU@</subfield><subfield code="b">000022171253</subfield></datafield><datafield ind1=" " ind2=" " tag="042"><subfield code="a">msc</subfield></datafield><datafield ind1=" " ind2=" " tag="043"><subfield code="a">n-us-ky</subfield></datafield><datafield ind1="0" ind2=" " tag="130"><subfield code="a">Sun=sentinel (Winchester, Ky.)</subfield></datafield><datafield ind1="1" ind2="4" tag="245"><subfield code="a">The sun=sentinel.</subfield></datafield><datafield ind1=" " ind2=" " tag="260"><subfield code="a">Winchester, Ky. :</subfield><subfield code="b">R.R. Perry,</subfield><subfield code="c">1903-</subfield></datafield><datafield ind1=" " ind2=" " tag="300"><subfield code="a">v. :</subfield><subfield code="b">ill.</subfield></datafield><datafield ind1=" " ind2=" " tag="310"><subfield code="a">Weekly</subfield></datafield><datafield ind1="0" ind2=" " tag="362"><subfield code="a">Vol. 28, no. 1 (Jan. 29, 1903)-</subfield></datafield><datafield ind1=" " ind2="0" tag="651"><subfield code="a">Winchester (Ky.)</subfield><subfield code="v">Newspapers.</subfield></datafield><datafield ind1=" " ind2="0" tag="651"><subfield code="a">Clark County (Ky.)</subfield><subfield code="v">Newspapers.</subfield></datafield><datafield ind1=" " ind2="7" tag="655"><subfield code="a">Newspapers.</subfield><subfield code="2">fast</subfield><subfield code="0">(OCoLC)fst01423814</subfield></datafield><datafield ind1=" " ind2="7" tag="651"><subfield code="a">Kentucky</subfield><subfield code="z">Clark County.</subfield><subfield code="2">fast</subfield><subfield code="0">(OCoLC)fst01218080</subfield></datafield><datafield ind1=" " ind2="7" tag="651"><subfield code="a">Kentucky</subfield><subfield code="z">Winchester.</subfield><subfield code="2">fast</subfield><subfield code="0">(OCoLC)fst01229634</subfield></datafield><datafield ind1=" " ind2=" " tag="752"><subfield code="a">United States</subfield><subfield code="b">Kentucky</subfield><subfield code="c">Clark</subfield><subfield code="d">Winchester.</subfield></datafield><datafield ind1="0" ind2="4" tag="780"><subfield code="t">Winchester sun (Winchester, Ky. : 1881 : Weekly)</subfield><subfield code="w">(DLC)sn 86069130</subfield></datafield><datafield ind1="0" ind2="4" tag="780"><subfield code="t">Winchester sentinel</subfield><subfield code="w">(DLC)sn 86069128</subfield></datafield></record>